
@book{MittelbachGoossens2004,
  title = {The LaTex Companion},
  author = {Mittelbach, F. and Goossens, M.},
  year = {2004},
  series = {},
  publisher = {{Addison-Wesley}},
  edition = {2nd edition},
}

@book{Knuth1990,
  title = {The TexBook},
  author = {Knuth, D.E.},
  year = {1990},
  series = {},
  publisher = {{Addison-Wesley}},
  edition = {},
}


@article{Stone1932,
  title = {On One-Parameter Unitary Groups in Hilbert Space},
  author = {Stone, M.H.},
  year = {1932},
  journal = {Annals of Mathematics},
  volume = {33},
  number = {03},
  pages = {643--648},
  issn = {},
  doi = {},
}
